% Need 15 citations
% 5-6 pages needed

% Citation 1 ============================================================================
% Strawberry harveating robot
@article{xiong2020autonomous,
  title={An autonomous strawberry-harvesting robot: Design, development, integration, and field evaluation},
  author={Xiong, Ya and Ge, Yuanyue and Grimstad, Lars and From, P{\aa}l J},
  journal={Journal of Field Robotics},
  volume={37},
  number={2},
  pages={202--224},
  year={2020},
  publisher={Wiley Online Library}
}
% Citation 2 ============================================================================
% smart robots for fruit and vegetable picking in agriculture
@article{wang2022review,
  title={Review of smart robots for fruit and vegetable picking in agriculture},
  author={Wang, Zhiheng and Xun, Yi and Wang, Yingkuan and Yang, Qinghua},
  journal={International Journal of Agricultural and Biological Engineering},
  volume={15},
  number={1},
  pages={33--54},
  year={2022}
}
% Citation 3 ============================================================================
% Intelligent robots for fruit harvesting: recent developments and future challenges
@article{zhou2022intelligent,
  title={Intelligent robots for fruit harvesting: Recent developments and future challenges},
  author={Zhou, Hongyu and Wang, Xing and Au, Wesley and Kang, Hanwen and Chen, Chao},
  journal={Precision Agriculture},
  pages={1--52},
  year={2022},
  publisher={Springer}
}
% Citation 4 ============================================================================
% BLOB analysis of an automatic vision guided system for a fruit picking and placing robot
@article{dewi2021blob,
  title={BLOB analysis of an automatic vision guided system for a fruit picking and placing robot},
  author={Dewi, Tresna and Mulya, Zarqa and Risma, Pola and Oktarina, Yurni},
  journal={International Journal of Computational Vision and Robotics},
  volume={11},
  number={3},
  pages={315--327},
  year={2021},
  publisher={Inderscience Publishers (IEL)}
}
% Citation 5 ============================================================================
% Fruit detection for strawberry harvesting robot in non-structural environment based on Mask-RCNN
@article{yu2019fruit,
  title={Fruit detection for strawberry harvesting robot in non-structural environment based on Mask-RCNN},
  author={Yu, Yang and Zhang, Kailiang and Yang, Li and Zhang, Dongxing},
  journal={Computers and Electronics in Agriculture},
  volume={163},
  pages={104846},
  year={2019},
  publisher={Elsevier}
}
% Citation 6 ============================================================================
% Detecting ripe fruits under natural occlusion and illumination conditions
@article{chen2021detecting,
  title={Detecting ripe fruits under natural occlusion and illumination conditions},
  author={Chen, Jiqing and Wu, Jiahua and Wang, Zhikui and Qiang, Hu and Cai, Ganwei and Tan, Chengzhi and Zhao, Chaoyang},
  journal={Computers and Electronics in Agriculture},
  volume={190},
  pages={106450},
  year={2021},
  publisher={Elsevier}
}
% Citation 7 ============================================================================
% Prototype Development of Small Mobile Robots for Mallard Navigation in Paddy Fields: Toward Realizing Remote Farming
@article{madokoro2021prototype,
  title={Prototype development of small mobile robots for mallard navigation in paddy fields: toward realizing remote farming},
  author={Madokoro, Hirokazu and Yamamoto, Satoshi and Nishimura, Yo and Nix, Stephanie and Woo, Hanwool and Sato, Kazuhito},
  journal={Robotics},
  volume={10},
  number={2},
  pages={63},
  year={2021},
  publisher={MDPI}
}
% Citation 8 ============================================================================
% Path Planning for ground robots in agriculture: a short review
@INPROCEEDINGS{9096177,
  author={Santos, Luís C. and Santos, Filipe N. and Solteiro Pires, E. J. and Valente, António and Costa, Pedro and Magalhães, Sandro},
  booktitle={2020 IEEE International Conference on Autonomous Robot Systems and Competitions (ICARSC)}, 
  title={Path Planning for ground robots in agriculture: a short review}, 
  year={2020},
  volume={},
  number={},
  pages={61-66},
  doi={10.1109/ICARSC49921.2020.9096177}
}
% Citation 9 ============================================================================
% Online adaptive rough-terrain navigation vegetation
@INPROCEEDINGS{1307135,
  author={Wellington, C. and Stentz, A.},
  booktitle={IEEE International Conference on Robotics and Automation, 2004. Proceedings. ICRA '04. 2004}, 
  title={Online adaptive rough-terrain navigation vegetation}, 
  year={2004},
  volume={1},
  number={},
  pages={96-101 Vol.1},
  doi={10.1109/ROBOT.2004.1307135}
}
% Citation 10 ===========================================================================
% Work adaptations insufficient to address growing heat risk for U.S. agricultural workers
@article{tigchelaar2020work,
  title={Work adaptations insufficient to address growing heat risk for US agricultural workers},
  author={Tigchelaar, Michelle and Battisti, David S and Spector, June T},
  journal={Environmental Research Letters},
  volume={15},
  number={9},
  pages={094035},
  year={2020},
  publisher={IOP Publishing}
}
% Citation 11 ===========================================================================
% Simultaneous localisation and mapping in a complex field environment
% Manipulator, navigation
@article{LEPEJ2016160,
  title = {Simultaneous localisation and mapping in a complex field environment},
  journal = {Biosystems Engineering},
  volume = {150},
  pages = {160-169},
  year = {2016},
  issn = {1537-5110},
  doi = {https://doi.org/10.1016/j.biosystemseng.2016.08.004},
  url = {https://www.sciencedirect.com/science/article/pii/S1537511015302841},
  author = {Peter Lepej and Jurij Rakun}
}
% Citation 12 ===========================================================================
% Multi-objective path planner for an agricultural mobile robot in a virtual greenhouse environment
% Navigation
@article{MAHMUD2019488,
  title = {Multi-objective path planner for an agricultural mobile robot in a   virtual greenhouse environment},
  journal = {Computers and Electronics in Agriculture},
  volume = {157},
  pages = {488-499},
  year = {2019},
  issn = {0168-1699},
  doi = {https://doi.org/10.1016/j.compag.2019.01.016},
  url = {https://www.sciencedirect.com/science/article/pii/S0168169918312250},
  author = {Mohd Saiful Azimi Mahmud and Mohamad Shukri Zainal Abidin and Zaharuddin   Mohamed and Muhammad Khairie Idham Abd Rahman and Michihisa Iida}
}
% Citation 13 ===========================================================================
% Terrain assessment for precision agriculture using vehicle dynamic modelling
% Navigation
@article{REINA2017124,
  title = {Terrain assessment for precision agriculture using vehicle dynamic   modelling},
  journal = {Biosystems Engineering},
  volume = {162},
  pages = {124-139},
  year = {2017},
  issn = {1537-5110},
  doi = {https://doi.org/10.1016/j.biosystemseng.2017.06.025},
  url = {https://www.sciencedirect.com/science/article/pii/S1537511017301149},
  author = {Giulio Reina and Annalisa Milella and Rocco Galati}
}
% Citation 14 ===========================================================================
% Multi-objective optimal path planning using elitist non-dominated sorting genetic algorithms
% Navigation
@article{ahmed2013multi,
  title={Multi-objective optimal path planning using elitist non-dominated sorting genetic algorithms},
  author={Ahmed, Faez and Deb, Kalyanmoy},
  journal={Soft Computing},
  volume={17},
  number={7},
  pages={1283--1299},
  year={2013},
  publisher={Springer}
}
% Citation 16 ===========================================================================
% A problem-specific non-dominated sorting genetic algorithm for supervised feature selection
% Navigation
@article{zhou2021problem,
  title={A problem-specific non-dominated sorting genetic algorithm for supervised feature selection},
  author={Zhou, Yu and Zhang, Wenjun and Kang, Junhao and Zhang, Xiao and Wang, Xu},
  journal={Information Sciences},
  volume={547},
  pages={841--859},
  year={2021},
  publisher={Elsevier}
}
% Citation 17 ===========================================================================
% A Tutorial on Evolutionary Multiobjective Optimization
% Navigation
@article{zitzler2004tutorial,
  title={A tutorial on evolutionary multiobjective optimization},
  author={Zitzler, Eckart and Laumanns, Marco and Bleuler, Stefan},
  journal={Metaheuristics for multiobjective optimisation},
  pages={3--37},
  year={2004},
  publisher={Springer}
}
% Citation 17 ===========================================================================
% A knowledge based fuzzy-probabilistic roadmap method for mobile robot navigation
% Navigation
@article{mohanta2019knowledge,
  title={A knowledge based fuzzy-probabilistic roadmap method for mobile robot navigation},
  author={Mohanta, Jagadish Chandra and Keshari, Anupam},
  journal={Applied Soft Computing},
  volume={79},
  pages={391--409},
  year={2019},
  publisher={Elsevier}
}
% Citation 18 ===========================================================================
% An evaluation of GPS opportunity in market for precision agriculture
% Navigation
@incollection{pandey2021evaluation,
  title={An evaluation of GPS opportunity in market for precision agriculture},
  author={Pandey, Prem Chandra and Tripathi, Amit Kumar and Sharma, Jyoti Kumar},
  booktitle={GPS and GNSS Technology in Geosciences},
  pages={337--349},
  year={2021},
  publisher={Elsevier}
}
% Citation 19 ===========================================================================
% A comprehensive study for robot navigation techniques
% Navigation
@article{gul2019comprehensive,
  title={A comprehensive study for robot navigation techniques},
  author={Gul, Faiza and Rahiman, Wan and Nazli Alhady, Syed Sahal},
  journal={Cogent Engineering},
  volume={6},
  number={1},
  pages={1632046},
  year={2019},
  publisher={Taylor \& Francis}
}
% Citation 20 ===========================================================================
% Simultaneous localization and mapping: part I
% Navigation
@article{durrant2006simultaneous,
  title={Simultaneous localization and mapping: part I},
  author={Durrant-Whyte, Hugh and Bailey, Tim},
  journal={IEEE robotics \& automation magazine},
  volume={13},
  number={2},
  pages={99--110},
  year={2006},
  publisher={IEEE}
}


% Citation 21 ===========================================================================
% Mask r-cnn
% Detection
@inproceedings{dollar2017mask,
  title={Mask r-cnn},
  author={Doll{\'a}r, Kaiming He Georgia Gkioxari Piotr and Girshick, Ross},
  booktitle={Proceedings of the IEEE international conference on computer vision},
  pages={2961--2969},
  year={2017}
}
% Citation 22 ===========================================================================
% Deep learning-based apple detection using a suppression mask R-CNN
% Detection
@article{chu2021deep,
  title={Deep learning-based apple detection using a suppression mask R-CNN},
  author={Chu, Pengyu and Li, Zhaojian and Lammers, Kyle and Lu, Renfu and Liu, Xiaoming},
  journal={Pattern Recognition Letters},
  volume={147},
  pages={206--211},
  year={2021},
  publisher={Elsevier}
}
% Citation 23 ===========================================================================
% An instance segmentation model for strawberry diseases based on mask R-CNN
% Detection
@article{afzaal2021instance,
  title={An instance segmentation model for strawberry diseases based on mask R-CNN},
  author={Afzaal, Usman and Bhattarai, Bhuwan and Pandeya, Yagya Raj and Lee, Joonwhoan},
  journal={Sensors},
  volume={21},
  number={19},
  pages={6565},
  year={2021},
  publisher={MDPI}
}
% Citation 24 ===========================================================================
% Detection and Segmentation of Mature Green Tomatoes Based on Mask R-CNN with Automatic Image Acquisition Approach
% Detection
@article{zu2021detection,
  title={Detection and Segmentation of Mature Green Tomatoes Based on Mask R-CNN with Automatic Image Acquisition Approach},
  author={Zu, Linlu and Zhao, Yanping and Liu, Jiuqin and Su, Fei and Zhang, Yan and Liu, Pingzeng},
  journal={Sensors},
  volume={21},
  number={23},
  pages={7842},
  year={2021},
  publisher={MDPI}
}
% Citation 25 ===========================================================================
% Weed Recognition in Agriculture: A Mask R-CNN Approach
% Detection
@book{valicharla2021weed,
  title={Weed Recognition in Agriculture: A Mask R-CNN Approach},
  author={Valicharla, Sruthi Keerthi},
  year={2021},
  publisher={West Virginia University}
}